<record><leader>00000cas a2200000 a 4500</leader><controlfield tag="001">13114095</controlfield><controlfield tag="008">860206u1884uuuucouwr ne      0    0eng d</controlfield><datafield ind1=" " ind2=" " tag="010"><subfield code="a">sn 86066847 </subfield></datafield><datafield ind1=" " ind2=" " tag="040"><subfield code="a">KSH</subfield><subfield code="b">eng</subfield><subfield code="c">KSH</subfield><subfield code="d">NPT</subfield><subfield code="d">OCL</subfield><subfield code="d">OCLCQ</subfield></datafield><datafield ind1=" " ind2=" " tag="042"><subfield code="a">msc</subfield></datafield><datafield ind1="0" ind2=" " tag="130"><subfield code="a">Mining news (Telluride, Colo.)</subfield></datafield><datafield ind1="1" ind2="0" tag="245"><subfield code="a">Mining news.</subfield></datafield><datafield ind1=" " ind2=" " tag="260"><subfield code="a">Telluride, Colo. :</subfield><subfield code="b">Propper &amp; Howard</subfield></datafield><datafield ind1=" " ind2=" " tag="300"><subfield code="a">v. ;</subfield><subfield code="c">35 cm.</subfield></datafield><datafield ind1=" " ind2=" " tag="310"><subfield code="a">Weekly</subfield></datafield><datafield ind1="1" ind2=" " tag="362"><subfield code="a">Began in 1884.</subfield><subfield code="z">Cf. Ayer, 1885.</subfield></datafield><datafield ind1=" " ind2=" " tag="588"><subfield code="a">Description based on: Vol. 1, no. 16 (Dec. 31, 1884).</subfield></datafield><datafield ind1=" " ind2=" " tag="752"><subfield code="a">United States</subfield><subfield code="b">Colorado</subfield><subfield code="c">San Miguel</subfield><subfield code="d">Telluride.</subfield></datafield><datafield ind1="0" ind2="0" tag="780"><subfield code="t">Evening news (Telluride, Colo.)</subfield><subfield code="w">(DLC)sn 86066846</subfield></datafield><datafield ind1="1" ind2=" " tag="029"><subfield code="a">AU@</subfield><subfield code="b">000022170501</subfield></datafield></record>